@FOOTNOTE{Note1,key="Note1",note="This wavefunction checks out with Bethe's, except for an extra $i$. "}
@FOOTNOTE{Note2,key="Note2",note="Note that there's no Gamma matrice in the heavy particle side, they can only appear in the QED side. "}
@FOOTNOTE{Note3,key="Note3",note="Which contains both Darwin and spin-orbital terms"}
