% Encoding: UTF-8

@Article{Zimmermann:1972tv,
  author       = {Zimmermann, Wolfhart},
  title        = {{Normal products and the short distance expansion in the perturbation theory of renormalizable interactions}},
  journal      = {Annals Phys.},
  year         = {1973},
  volume       = {77},
  pages        = {570-601},
  note         = {[Lect. Notes Phys.558,278(2000)]},
  booktitle    = {{In *Tegernsee 1998, Quantum field theory* 278-309}},
  doi          = {10.1016/0003-4916(73)90430-2},
  groups       = {QM-OPE&NREFT},
  slaccitation = {%%CITATION = APNYA,77,570;%%},
}

@Article{Ellis:2016jkw,
  author        = {Ellis, Joshua},
  title         = {{TikZ-Feynman: Feynman diagrams with TikZ}},
  journal       = {Comput. Phys. Commun.},
  year          = {2017},
  volume        = {210},
  pages         = {103-123},
  archiveprefix = {arXiv},
  doi           = {10.1016/j.cpc.2016.08.019},
  eprint        = {1601.05437},
  primaryclass  = {hep-ph},
  slaccitation  = {%%CITATION = ARXIV:1601.05437;%%},
}

@Book{Holstein2014,
  title     = {Topics in Advanced Quantum Mechanics (Dover Books on Physics)},
  publisher = {Dover Publications},
  year      = {2014},
  author    = {Barry R. Holstein},
  isbn      = {978-0486499857},
  url       = {https://www.amazon.com/Topics-Advanced-Quantum-Mechanics-Physics/dp/0486499855?SubscriptionId=0JYN1NVW651KCA56C102&tag=techkie-20&linkCode=xm2&camp=2025&creative=165953&creativeASIN=0486499855},
}

@Book{Bethe2013,
  title     = {Quantum Mechanics of One- and Two-Electron Atoms (Dover Books on Physics)},
  publisher = {Dover Publications},
  year      = {2013},
  author    = {Hans A. Bethe and Edwin E. Salpeter},
  isbn      = {0486466671},
  groups    = {QM-OPE&NREFT},
  url       = {https://www.amazon.com/Quantum-Mechanics-Two-Electron-Atoms-Physics-ebook/dp/B00C59C6K6?SubscriptionId=0JYN1NVW651KCA56C102&tag=techkie-20&linkCode=xm2&camp=2025&creative=165953&creativeASIN=B00C59C6K6},
}

@Article{Hofmann2013,
  author    = {Johannes Hofmann and Marcus Barth and Wilhelm Zwerger},
  title     = {Short-distance properties of Coulomb systems},
  journal   = {Phys. Rev. B},
  year      = {2013},
  volume    = {87},
  number    = {23},
  month     = {jun},
  doi       = {10.1103/physrevb.87.235125},
  groups    = {QM-OPE&NREFT},
  publisher = {American Physical Society ({APS})},
}

@Article{Hill2011,
  author        = {Hill, Richard J. and Paz, Gil},
  title         = {{Model independent analysis of proton structure for hydrogenic bound states}},
  journal       = {Phys. Rev. Lett.},
  year          = {2011},
  volume        = {107},
  pages         = {160402},
  archiveprefix = {arXiv},
  doi           = {10.1103/PhysRevLett.107.160402},
  eprint        = {1103.4617},
  groups        = {QM-OPE&NREFT},
  primaryclass  = {hep-ph},
  reportnumber  = {EFI-PREPRINT-11-9},
  slaccitation  = {%%CITATION = ARXIV:1103.4617;%%},
}

@Article{Chen2009,
  author      = {Rui Chen},
  title       = {Correction to Solution of Dirac Equation},
  abstract    = {Using the China unitary principle to test the Dirac theoryfor the hydrogen atomic spectrum shows that the standard Dirac function withthe Dirac energy levels is only one the formal solutions of theDirac-Coulomb equation, which conceals some pivotal mathematicalcontradictions. The theorem of existence of solution of the Dirac equationrequires an important modification to the Dirac angular momentum constantthat was defined by Dirac's algebra. It derives the modified radial Diracequation which has the consistency solution involving the quantum neutronradius and the neutron binding energy. The inevitable solution for otheratomic energy states is only equivalent to the Bohr solution. It concludesthat the Dirac equation is more suitable to describe the structure ofneutron. How to treat the difference between the unitary energy levels andthe result of the experimental observation of the atomic spectrums for thehydrogen atom needs to be solved urgently.},
  date        = {2009-08-29},
  eprint      = {0908.4320v5},
  eprintclass = {physics.gen-ph},
  eprinttype  = {arXiv},
  file        = {online:http\://arxiv.org/pdf/0908.4320v5:PDF},
  groups      = {QM-OPE&NREFT},
  keywords    = {physics.gen-ph, 34B05, 81P10, 81Q05},
  url         = {http://arxiv.org/pdf/0908.4320v5},
}

@Article{Kawamura2009a,
  author      = {Hiroyuki Kawamura and Kazuhiro Tanaka},
  title       = {OPE for B-meson distribution amplitude and dimension-5 HQET operators},
  abstract    = {The $B$-meson light-cone distribution amplitude (LCDA) is defined as the matrix element of a quark-antiquark bilocal light-cone operator in the heavy-quark effective theory (HQET) and is a building block of QCD factorization formula for exclusive $B$-meson decays. When the corresponding bilocal HQET operator has a light-like distance $t$ between the quark and antiquark fields, the scale $\sim 1/t$ separates the UV and IR regions, which induce the cusp singularity in radiative corrections and the mixing of multiparticle states in nonperturbative corrections, respectively. We treat the bilocal HQET operator based on the operator product expansion (OPE), disentangling the singularities from the IR and UV regions systematically. The matching at the next-to-leading order $\alpha_s$ is performed in the $\overline{\rm MS}$ scheme with a complete set of local operators of dimension $d \le 5$, through a manifestly gauge-invariant calculation organizing all contributions in the coordinate space. The result exhibits the Wilson coefficients with Sudakov-type double logarithms and the higher-dimensional operators with additional gluons. This OPE yields the $B$-meson LCDA for $t$ less than $\sim 1$ GeV$^{-1}$, in terms of $\bar{\Lambda}= m_B - m_b$ and the two additional HQET parameters as matrix elements of dimension-5 operators. The impact of these novel HQET parameters on the integral relevant to exclusive $B$ decays, $\lambda_B$, is also discussed.},
  date        = {2009-05-17},
  eprint      = {0905.2729v1},
  eprintclass = {hep-ph},
  eprinttype  = {arXiv},
  file        = {online:http\://arxiv.org/pdf/0905.2729v1:PDF},
  keywords    = {hep-ph},
}

@Article{Kawamura2009,
  author    = {Hiroyuki Kawamura and Kazuhiro Tanaka},
  title     = {Operator product expansion for B-meson distribution amplitude and dimension-5 {HQET} operators},
  journal   = {Phys. Lett. B},
  year      = {2009},
  volume    = {673},
  number    = {3},
  pages     = {201--207},
  month     = {mar},
  doi       = {10.1016/j.physletb.2009.02.028},
  publisher = {Elsevier {BV}},
}

@Article{Braaten2008,
  author    = {Eric Braaten and Lucas Platter},
  title     = {Exact Relations for a Strongly Interacting Fermi Gas from the Operator Product Expansion},
  journal   = {Phys. Rev. Lett.},
  year      = {2008},
  volume    = {100},
  number    = {20},
  month     = {may},
  doi       = {10.1103/physrevlett.100.205301},
  groups    = {QM-OPE&NREFT},
  publisher = {American Physical Society ({APS})},
}

@Article{Chen2007,
  author    = {Ruida Chen},
  title     = {New Exact Solution of Dirac-Coulomb Equation with Exact Boundary Condition},
  journal   = {Int. J. Theor. Phys.},
  year      = {2007},
  volume    = {47},
  number    = {4},
  pages     = {881--890},
  month     = {sep},
  doi       = {10.1007/s10773-007-9514-z},
  groups    = {QM-OPE&NREFT},
  publisher = {Springer Nature},
}

@Book{Smirnov2006,
  title     = {Feynman Integral Calculus},
  publisher = {Springer},
  year      = {2006},
  author    = {Vladimir A. Smirnov},
  isbn      = {978-3-540-30610-8},
  url       = {https://www.amazon.com/Feynman-Integral-Calculus-Vladimir-Smirnov/dp/3540306102?SubscriptionId=0JYN1NVW651KCA56C102&tag=techkie-20&linkCode=xm2&camp=2025&creative=165953&creativeASIN=3540306102},
}

@Article{Fournais2005,
  author    = {S{\o}ren Fournais and Maria Hoffmann-Ostenhof and Thomas Hoffmann-Ostenhof and Thomas {\O}stergaard S{\o}rensen},
  title     = {Sharp Regularity Results for Coulombic Many-Electron Wave Functions},
  journal   = {Commun. Math. Phys.},
  year      = {2005},
  volume    = {255},
  number    = {1},
  pages     = {183--227},
  month     = {jan},
  doi       = {10.1007/s00220-004-1257-6},
  groups    = {QM-OPE&NREFT},
  publisher = {Springer Nature},
}

@Book{Weinberg2005,
  title     = {The Quantum Theory of Fields, Volume 2: Modern Applications},
  publisher = {Cambridge University Press},
  year      = {2005},
  author    = {Steven Weinberg},
  isbn      = {978-0521670548},
  url       = {https://www.amazon.com/Quantum-Theory-Fields-Modern-Applications/dp/0521670543?SubscriptionId=0JYN1NVW651KCA56C102&tag=techkie-20&linkCode=xm2&camp=2025&creative=165953&creativeASIN=0521670543},
}

@Article{Yelkhovsky:2001tx,
  author        = {Yelkhovsky, Alexander},
  title         = {{Quantum electrodynamics of the helium atom}},
  journal       = {Phys. Rev.},
  year          = {2001},
  volume        = {A64},
  pages         = {062104},
  archiveprefix = {arXiv},
  doi           = {10.1103/PhysRevA.64.062104},
  eprint        = {hep-ph/0103241},
  groups        = {QM-OPE&NREFT},
  primaryclass  = {hep-ph},
  slaccitation  = {%%CITATION = HEP-PH/0103241;%%},
}

@Book{Greiner2000,
  title     = {Relativistic Quantum Mechanics. Wave Equations},
  publisher = {Springer},
  year      = {2000},
  author    = {Walter Greiner},
  isbn      = {9783540674573},
  groups    = {QM-OPE&NREFT},
  url       = {https://www.amazon.com/Relativistic-Quantum-Mechanics-Wave-Equations/dp/3540674578?SubscriptionId=0JYN1NVW651KCA56C102&tag=techkie-20&linkCode=xm2&camp=2025&creative=165953&creativeASIN=3540674578},
}

@Article{Beneke1998,
  author    = {M. Beneke and V.A. Smirnov},
  title     = {Asymptotic expansion of Feynman integrals near threshold},
  journal   = {Nucl. Phys. B},
  year      = {1998},
  volume    = {522},
  number    = {1-2},
  pages     = {321--344},
  month     = {jun},
  doi       = {10.1016/s0550-3213(98)00138-2},
  publisher = {Elsevier {BV}},
}

@Article{Pineda1998a,
  author        = {Pineda, Antonio and Soto, Joan},
  title         = {{The Lamb shift in dimensional regularization}},
  journal       = {Phys. Lett.},
  year          = {1998},
  volume        = {B420},
  pages         = {391-396},
  archiveprefix = {arXiv},
  doi           = {10.1016/S0370-2693(97)01537-2},
  eprint        = {hep-ph/9711292},
  groups        = {QM-OPE&NREFT},
  primaryclass  = {hep-ph},
  reportnumber  = {UB-ECM-PF-97-33},
  slaccitation  = {%%CITATION = HEP-PH/9711292;%%},
}

@InProceedings{Lepage:1997cs,
  author        = {Lepage, G. P.},
  title         = {{How to renormalize the Schrodinger equation}},
  booktitle     = {{Nuclear physics. Proceedings, 8th Jorge Andre Swieca Summer School, Sao Jose dos Campos, Campos do Jordao, Brazil, January 26-February 7, 1997}},
  year          = {1997},
  pages         = {135-180},
  archiveprefix = {arXiv},
  eprint        = {nucl-th/9706029},
  groups        = {QM-OPE&NREFT},
  primaryclass  = {nucl-th},
  slaccitation  = {%%CITATION = NUCL-TH/9706029;%%},
}

@Article{Bodwin1995a,
  author        = {Bodwin, Geoffrey T. and Braaten, Eric and Lepage, G. Peter},
  title         = {{Rigorous QCD analysis of inclusive annihilation and production of heavy quarkonium}},
  journal       = {Phys. Rev.},
  year          = {1995},
  volume        = {D51},
  pages         = {1125-1171},
  note          = {[Erratum: Phys. Rev.D55,5853(1997)]},
  archiveprefix = {arXiv},
  doi           = {10.1103/PhysRevD.55.5853, 10.1103/PhysRevD.51.1125},
  eprint        = {hep-ph/9407339},
  primaryclass  = {hep-ph},
  reportnumber  = {ANL-HEP-PR-94-24, FERMILAB-PUB-94-073-T, NUHEP-TH-94-5},
  slaccitation  = {%%CITATION = HEP-PH/9407339;%%},
}

@Article{Mannel1994,
  author    = {Thomas Mannel},
  title     = {Operator product expansion for inclusive semileptonic decays in heavy quark effective field theory},
  journal   = {Nucl. Phys. B},
  year      = {1994},
  volume    = {413},
  number    = {1-2},
  pages     = {396--410},
  month     = {jan},
  doi       = {10.1016/0550-3213(94)90625-4},
  publisher = {Elsevier {BV}},
}

@Article{Broadhurst1992,
  author    = {D.J. Broadhurst and A.G. Grozin},
  title     = {Operator product expansion in static-quark effective field theory. Large perturbative correction},
  journal   = {Phys. Lett. B},
  year      = {1992},
  volume    = {274},
  number    = {3-4},
  pages     = {421--427},
  month     = {jan},
  doi       = {10.1016/0370-2693(92)92009-6},
  groups    = {QM-OPE&NREFT},
  publisher = {Elsevier {BV}},
}

@Article{Georgi1990,
  author    = {Howard Georgi},
  title     = {An effective field theory for heavy quarks at low energies},
  journal   = {Phys. Lett. B},
  year      = {1990},
  volume    = {240},
  number    = {3-4},
  pages     = {447--450},
  month     = {apr},
  doi       = {10.1016/0370-2693(90)91128-x},
  groups    = {QM-OPE&NREFT},
  publisher = {Elsevier {BV}},
}

@Article{Eichten1990,
  author    = {Estia Eichten and Brian Hill},
  title     = {An effective field theory for the calculation of matrix elements involving heavy quarks},
  journal   = {Phys. Lett. B},
  year      = {1990},
  volume    = {234},
  number    = {4},
  pages     = {511--516},
  month     = {jan},
  doi       = {10.1016/0370-2693(90)92049-o},
  groups    = {QM-OPE&NREFT},
  publisher = {Elsevier {BV}},
}

@Article{Grinstein1990,
  author    = {Benjamin Grinstein},
  title     = {The static quark effective theory},
  journal   = {Nucl. Phys. B},
  year      = {1990},
  volume    = {339},
  number    = {2},
  pages     = {253--268},
  month     = {jul},
  doi       = {10.1016/0550-3213(90)90349-i},
  groups    = {QM-OPE&NREFT},
  publisher = {Elsevier {BV}},
}

@Article{Malenfant:1988zw,
  author       = {Malenfant, J.},
  title        = {{Reduction of the Breit Coulomb Equation to an Equivalent Schrodinger Equation, and Investigation of the Behavior of the Wave Function Near the Origin}},
  journal      = {Phys. Rev.},
  year         = {1988},
  volume       = {D38},
  pages        = {3295-3308},
  doi          = {10.1103/PhysRevD.38.3295},
  groups       = {QM-OPE&NREFT},
  slaccitation = {%%CITATION = PHRVA,D38,3295;%%},
}

@Article{Malenfant:1987tm,
  author       = {Malenfant, J.},
  title        = {{Cancellation of the Divergence of the Wave Function at the Origin in Leptonic Decay Rates}},
  journal      = {Phys. Rev.},
  year         = {1987},
  volume       = {D36},
  pages        = {863-877},
  doi          = {10.1103/PhysRevD.36.863},
  groups       = {QM-OPE&NREFT},
  slaccitation = {%%CITATION = PHRVA,D36,863;%%},
}

@Article{Caswell1986,
  author    = {W.E. Caswell and G.P. Lepage},
  title     = {Effective lagrangians for bound state problems in {QED}, {QCD}, and other field theories},
  journal   = {Phys. Lett. B},
  year      = {1986},
  volume    = {167},
  number    = {4},
  pages     = {437--442},
  month     = {feb},
  doi       = {10.1016/0370-2693(86)91297-9},
  groups    = {QM-OPE&NREFT},
  publisher = {Elsevier {BV}},
}

@Book{Collins1984,
  title     = {Renormalization: An Introduction to Renormalization, the Renormalization Group and the Operator-Product Expansion (Cambridge Monographs on Mathematical Physics)},
  publisher = {Cambridge University Press},
  year      = {1984},
  author    = {John C. Collins},
  isbn      = {9780521242615},
  groups    = {QM-OPE&NREFT},
  url       = {https://www.amazon.com/Renormalization-Introduction-Operator-Product-Monographs-Mathematical/dp/0521242614?SubscriptionId=0JYN1NVW651KCA56C102&tag=techkie-20&linkCode=xm2&camp=2025&creative=165953&creativeASIN=0521242614},
}

@Book{Woodgate1983,
  title     = {Elementary Atomic Structure},
  publisher = {OXFORD UNIV PR},
  year      = {1983},
  author    = {Woodgate, G. K.},
  isbn      = {0198511566},
  date      = {1983-08-11},
  ean       = {9780198511564},
  groups    = {QM-OPE&NREFT},
  pagetotal = {238},
  url       = {https://www.ebook.de/de/product/3596626/g_k_woodgate_elementary_atomic_structure.html},
}

@Book{Bethe1977,
  title     = {Quantum Mechanics of One- and Two-Electron Atoms},
  publisher = {Springer},
  year      = {1977},
  author    = {Hans A. Bethe and Edwin E. Salpeter},
  isbn      = {9780306200229},
  groups    = {QM-OPE&NREFT},
  url       = {https://www.amazon.com/Quantum-Mechanics-One-Two-Electron-Atoms/dp/0306200228?SubscriptionId=0JYN1NVW651KCA56C102&tag=techkie-20&linkCode=xm2&camp=2025&creative=165953&creativeASIN=0306200228},
}

@Book{Landau1974,
  title     = {A Shorter Course of Theoretical Physics, Vol. 2: Quantum Mechanics},
  publisher = {Pergamon},
  year      = {1974},
  author    = {Lev Davidovich Landau and E. M. Lifshitz},
  isbn      = {9780080178011},
  groups    = {QM-OPE&NREFT},
  url       = {https://www.amazon.com/Shorter-Course-Theoretical-Physics-Vol/dp/0080178014?SubscriptionId=0JYN1NVW651KCA56C102&tag=techkie-20&linkCode=xm2&camp=2025&creative=165953&creativeASIN=0080178014},
}

@Article{Wilson:1969zs,
  author       = {Wilson, Kenneth G.},
  title        = {{Nonlagrangian models of current algebra}},
  journal      = {Phys. Rev.},
  year         = {1969},
  volume       = {179},
  pages        = {1499-1512},
  doi          = {10.1103/PhysRev.179.1499},
  groups       = {QM-OPE&NREFT},
  slaccitation = {%%CITATION = PHRVA,179,1499;%%},
}

@Article{Dolinskii1966,
  author  = {E. I. Dolinskii and A. M. Mukhamedzhanov},
  journal = {Soviet Journal of Nuclear Physics},
  year    = {1966},
  volume  = {3},
  number  = {252},
  pages   = {180-187},
  groups  = {QM-OPE&NREFT},
}

@Article{Pack1966,
  author    = {Russell T Pack and W. Byers Brown},
  title     = {Cusp Conditions for Molecular Wavefunctions},
  journal   = {The Journal of Chemical Physics},
  year      = {1966},
  volume    = {45},
  number    = {2},
  pages     = {556--559},
  month     = {jul},
  doi       = {10.1063/1.1727605},
  groups    = {QM-OPE&NREFT},
  publisher = {{AIP} Publishing},
}

@Article{Steiner1963,
  author    = {Erich Steiner},
  title     = {Charge Densities in Atoms},
  journal   = {The Journal of Chemical Physics},
  year      = {1963},
  volume    = {39},
  number    = {9},
  pages     = {2365--2366},
  month     = {nov},
  doi       = {10.1063/1.1701443},
  groups    = {QM-OPE&NREFT},
  publisher = {{AIP} Publishing},
}

@Article{Kolos1960,
  author    = {W. Kolos and C. C. J. Roothaan},
  title     = {Accurate Electronic Wave Functions for {theH}2Molecule},
  journal   = {Rev. Mod. Phys.},
  year      = {1960},
  volume    = {32},
  number    = {2},
  pages     = {219--232},
  month     = {apr},
  doi       = {10.1103/revmodphys.32.219},
  groups    = {QM-OPE&NREFT},
  publisher = {American Physical Society ({APS})},
}

@Article{Kato1957,
  author    = {Tosio Kato},
  title     = {On the eigenfunctions of many-particle systems in quantum mechanics},
  journal   = {Commun. Pure Appl. Math.},
  year      = {1957},
  volume    = {10},
  number    = {2},
  pages     = {151--177},
  doi       = {10.1002/cpa.3160100201},
  groups    = {QM-OPE&NREFT},
  publisher = {Wiley},
}

@Article{Loewdin1954,
  author    = {Per-Olov Löwdin},
  title     = {Studies of Atomic Self-Consistent Fields. {II}. Interpolation Problems},
  journal   = {Phys. Rev.},
  year      = {1954},
  volume    = {94},
  number    = {6},
  pages     = {1600--1609},
  month     = {jun},
  doi       = {10.1103/physrev.94.1600},
  groups    = {QM-OPE&NREFT},
  publisher = {American Physical Society ({APS})},
}

@Article{Podolsky1929,
  author    = {Boris Podolsky and Linus Pauling},
  title     = {The Momentum Distribution in Hydrogen-Like Atoms},
  journal   = {Phys. Rev.},
  year      = {1929},
  volume    = {34},
  number    = {1},
  pages     = {109--116},
  month     = {jul},
  doi       = {10.1103/physrev.34.109},
  groups    = {QM-OPE&NREFT},
  publisher = {American Physical Society ({APS})},
}

@Article{Gordon1928,
  author    = {W. Gordon},
  title     = {Die Energieniveaus des Wasserstoffatoms nach der Diracschen Quantentheorie des Elektrons},
  journal   = {Zeitschrift f\"ur Physik},
  year      = {1928},
  volume    = {48},
  number    = {1-2},
  pages     = {11--14},
  month     = {jan},
  doi       = {10.1007/bf01351570},
  groups    = {QM-OPE&NREFT},
  publisher = {Springer Nature},
}

@Article{Dirac1928,
  author    = {P. A. M. Dirac},
  title     = {The Quantum Theory of the Electron},
  journal   = {Proceedings of the Royal Society A: Mathematical, Physical and Engineering Sciences},
  year      = {1928},
  volume    = {117},
  number    = {778},
  pages     = {610--624},
  month     = {feb},
  doi       = {10.1098/rspa.1928.0023},
  groups    = {QM-OPE&NREFT},
  publisher = {The Royal Society},
}

@Article{Darwin1928,
  author    = {C. G. Darwin},
  title     = {The Wave Equations of the Electron},
  journal   = {Proceedings of the Royal Society A: Mathematical, Physical and Engineering Sciences},
  year      = {1928},
  volume    = {118},
  number    = {780},
  pages     = {654--680},
  month     = {apr},
  doi       = {10.1098/rspa.1928.0076},
  groups    = {QM-OPE&NREFT},
  publisher = {The Royal Society},
}

@Article{Bodwin:2002hg,
  author        = {Bodwin, Geoffrey T. and Petrelli, Andrea},
  title         = {{Order-$v^4$ corrections to $S$-wave quarkonium decay}},
  journal       = {Phys. Rev.},
  year          = {2002},
  volume        = {D66},
  pages         = {094011},
  note          = {[Erratum: Phys. Rev.D87,no.3,039902(2013)]},
  archiveprefix = {arXiv},
  doi           = {10.1103/PhysRevD.87.039902, 10.1103/PhysRevD.66.094011},
  eprint        = {hep-ph/0205210},
  groups        = {QM-OPE&NREFT},
  primaryclass  = {hep-ph},
  reportnumber  = {ANL-HEP-PR-12-105, ANL-HEP-PR-02-031, arXiv:1301.1079},
  slaccitation  = {%%CITATION = HEP-PH/0205210;%%},
}

@Book{Weinberg2015,
  title     = {Lectures on Quantum Mechanics},
  publisher = {Cambridge University Pr.},
  year      = {2015},
  author    = {Weinberg, Steven},
  isbn      = {1107111668},
  date      = {2015-10-01},
  ean       = {9781107111660},
  groups    = {QM-OPE&NREFT},
  pagetotal = {425},
  url       = {https://www.ebook.de/de/product/23964405/steven_weinberg_lectures_on_quantum_mechanics.html},
}

@Article{Dolinskii1966a,
  author  = {E. I. Dolinskii and A. M. Mukhamedzhanov},
  title   = {C},
  journal = {Soviet Journal of Nuclear Physics},
  year    = {1966},
  volume  = {3},
  number  = {252},
  pages   = {180-187},
  groups  = {QM-OPE&NREFT},
}

@Article{Huang:2018yyf,
  author        = {Huang, Yingsheng and Jia, Yu and Yu, Rui},
  title         = {{Deciphering the coalescence behavior of Coulomb-Schr\"odinger atomic wave functions from operator product expansion}},
  year          = {2018},
  archiveprefix = {arXiv},
  eprint        = {1809.09023},
  groups        = {QM-OPE&NREFT},
  primaryclass  = {hep-ph},
  slaccitation  = {%%CITATION = ARXIV:1809.09023;%%},
}

@Article{Huang:2019hdj,
  author        = {Huang, Yingsheng and Jia, Yu and Yu, Rui},
  title         = {{Near-the-origin divergence of Dirac wave functions of hydrogen and operator product expansion}},
  year          = {2019},
  archiveprefix = {arXiv},
  eprint        = {1901.04971},
  groups        = {QM-OPE&NREFT},
  primaryclass  = {hep-ph},
  slaccitation  = {%%CITATION = ARXIV:1901.04971;%%},
}

@Article{Huang:2018ils,
  author        = {Huang, Yingsheng and Jia, Yu and Yu, Rui},
  title         = {{Near-the-origin divergence of Klein-Gordon wave functions for hydrogen-like atoms and operator product expansion}},
  year          = {2018},
  archiveprefix = {arXiv},
  eprint        = {1812.11957},
  groups        = {QM-OPE&NREFT},
  primaryclass  = {hep-ph},
  slaccitation  = {%%CITATION = ARXIV:1812.11957;%%},
}

@Article{Gremm:1997dq,
  author        = {Gremm, Martin and Kapustin, Anton},
  title         = {{Annihilation of S wave quarkonia and the measurement of alpha-s}},
  journal       = {Phys. Lett.},
  year          = {1997},
  volume        = {B407},
  pages         = {323-330},
  archiveprefix = {arXiv},
  doi           = {10.1016/S0370-2693(97)00744-2},
  eprint        = {hep-ph/9701353},
  groups        = {QM-OPE&NREFT},
  primaryclass  = {hep-ph},
  reportnumber  = {CALT-68-2094},
  slaccitation  = {%%CITATION = HEP-PH/9701353;%%},
}

@Article{Kaplan:1998tg,
  author        = {Kaplan, David B. and Savage, Martin J. and Wise, Mark B.},
  title         = {{A New expansion for nucleon-nucleon interactions}},
  journal       = {Phys. Lett.},
  year          = {1998},
  volume        = {B424},
  pages         = {390-396},
  archiveprefix = {arXiv},
  doi           = {10.1016/S0370-2693(98)00210-X},
  eprint        = {nucl-th/9801034},
  primaryclass  = {nucl-th},
  reportnumber  = {DOE-ER-40561-352, INT-97-00-189, NT-UW-98-05, CALT-68-2155},
  slaccitation  = {%%CITATION = NUCL-TH/9801034;%%},
}

@Article{Penin:2011gg,
  author        = {Penin, Alexander A. and Piclum, Jan H.},
  title         = {{Threshold production of unstable top}},
  journal       = {JHEP},
  year          = {2012},
  volume        = {01},
  pages         = {034},
  archiveprefix = {arXiv},
  doi           = {10.1007/JHEP01(2012)034},
  eprint        = {1110.1970},
  primaryclass  = {hep-ph},
  reportnumber  = {ALBERTA-THY-11-11, TTK-11-44, SFB-CPP-11-52},
  slaccitation  = {%%CITATION = ARXIV:1110.1970;%%},
}

@Article{Beneke:2013jia,
  author        = {Beneke, M. and Kiyo, Y. and Schuller, K.},
  title         = {{Third-order correction to top-quark pair production near threshold I. Effective theory set-up and matching coefficients}},
  year          = {2013},
  archiveprefix = {arXiv},
  eprint        = {1312.4791},
  primaryclass  = {hep-ph},
  reportnumber  = {TUM-HEP-919-13, TTK-13-26.-SFB-CPP-13-110},
  slaccitation  = {%%CITATION = ARXIV:1312.4791;%%},
}

@Article{Beneke:2008ec,
  author        = {Beneke, Martin and Kiyo, Yuichiro and Schuller, Kurt},
  title         = {{NNNLO results on top-quark pair production near threshold}},
  journal       = {PoS},
  year          = {2007},
  volume        = {RADCOR2007},
  pages         = {051},
  archiveprefix = {arXiv},
  booktitle     = {{Applications of quantum field theory to phenomenology. Proceedings, 8th International Symposium on Radiative Corrections, RADCOR 2007, Florence, Italy, October 1-5, 2007}},
  doi           = {10.22323/1.048.0051},
  eprint        = {0801.3464},
  primaryclass  = {hep-ph},
  reportnumber  = {PITHA-08-03, TTP-08-04, SFB-CPP-08-07},
  slaccitation  = {%%CITATION = ARXIV:0801.3464;%%},
}

@Article{Beneke:1999ue,
  author        = {Beneke, M.},
  title         = {{Top quark production near threshold}},
  journal       = {Nucl. Phys. Proc. Suppl.},
  year          = {2000},
  volume        = {86},
  pages         = {547-554},
  note          = {[,547(1999)]},
  archiveprefix = {arXiv},
  booktitle     = {{QCD'99. Proceedings, 4th Euroconference, 7th Conference on Quantum Chromodynamics, Montpellier, France, July 7-13, 1999}},
  doi           = {10.1016/S0920-5632(00)00621-6},
  eprint        = {hep-ph/9910534},
  primaryclass  = {hep-ph},
  reportnumber  = {CERN-TH-99-281},
  slaccitation  = {%%CITATION = HEP-PH/9910534;%%},
}

@Article{Beneke:1999qg,
  author        = {Beneke, M. and Signer, A. and Smirnov, Vladimir A.},
  title         = {{Top quark production near threshold and the top quark mass}},
  journal       = {Phys. Lett.},
  year          = {1999},
  volume        = {B454},
  pages         = {137-146},
  archiveprefix = {arXiv},
  doi           = {10.1016/S0370-2693(99)00343-3},
  eprint        = {hep-ph/9903260},
  primaryclass  = {hep-ph},
  reportnumber  = {CERN-TH-99-57, DTP-99-26},
  slaccitation  = {%%CITATION = HEP-PH/9903260;%%},
}

@Article{Drees:1989du,
  author       = {Drees, Manuel and Hikasa, Ken-ichi},
  title        = {{Heavy Quark Thresholds in Higgs Physics}},
  journal      = {Phys. Rev.},
  year         = {1990},
  volume       = {D41},
  pages        = {1547},
  doi          = {10.1103/PhysRevD.41.1547},
  reportnumber = {KEK-TH-224, KEK-Preprint-89-16, CERN-TH-5393/89},
  slaccitation = {%%CITATION = PHRVA,D41,1547;%%},
}

@Article{Melnikov:1994jb,
  author        = {Melnikov, Kirill and Spira, Michael and Yakovlev, Oleg I.},
  title         = {{Threshold effects in two photon decays of Higgs particles}},
  journal       = {Z. Phys.},
  year          = {1994},
  volume        = {C64},
  pages         = {401-406},
  archiveprefix = {arXiv},
  doi           = {10.1007/BF01560100},
  eprint        = {hep-ph/9405301},
  primaryclass  = {hep-ph},
  reportnumber  = {DESY-94-076, BUDKER-INP-1994-39},
  slaccitation  = {%%CITATION = HEP-PH/9405301;%%},
}

@Article{Fadin1987,
  author  = {Fadin, V. S. and Khoze, V. A.},
  title   = {Threshold behavior of the cross section for the production of t quarks in e+e- annihilation},
  journal = {JETP Letters},
  year    = {1987},
  volume  = {46},
  number  = {11},
  pages   = {525},
  month   = dec,
  url     = {http://www.jetpletters.ac.ru/ps/1234/article_18631.pdf},
}

@Article{Bharucha:2016jyr,
  author        = {Bharucha, Aoife and Djouadi, Abdelhak and Goudelis, Andreas},
  title         = {{Threshold enhancement of diphoton resonances}},
  journal       = {Phys. Lett.},
  year          = {2016},
  volume        = {B761},
  pages         = {8-15},
  archiveprefix = {arXiv},
  doi           = {10.1016/j.physletb.2016.07.079},
  eprint        = {1603.04464},
  primaryclass  = {hep-ph},
  reportnumber  = {LPT-ORSAY-16-14, LPT-ORSAY--16--14},
  slaccitation  = {%%CITATION = ARXIV:1603.04464;%%},
}

@Article{Hoang:2000yr,
  author        = {Hoang, A. H. and others},
  title         = {{Top - anti-top pair production close to threshold: Synopsis of recent NNLO results}},
  journal       = {Eur. Phys. J.direct},
  year          = {2000},
  volume        = {2},
  number        = {1},
  pages         = {3},
  archiveprefix = {arXiv},
  booktitle     = {{4th Workshop of the 2nd ECFA / DESY Study on Physics and Detectors for a Linear Electron - Positron Collider Oxford, England, March 20-23, 1999}},
  doi           = {10.1007/s1010500c0003},
  eprint        = {hep-ph/0001286},
  primaryclass  = {hep-ph},
  reportnumber  = {CERN-TH-99-415, SLAC-PUB-8369, DESY-00-019},
  slaccitation  = {%%CITATION = HEP-PH/0001286;%%},
}

@Article{Drees:1990te,
  author       = {Drees, Manuel and Hikasa, Ken-ichi},
  title        = {{Scalar top production in e+ e- annihilation}},
  journal      = {Phys. Lett.},
  year         = {1990},
  volume       = {B252},
  pages        = {127-134},
  doi          = {10.1016/0370-2693(90)91094-R},
  reportnumber = {KEK-TH-262, KEK-PREPRINT-90-83, CERN-TH-5854-90},
  slaccitation = {%%CITATION = PHLTA,B252,127;%%},
}

@Article{Romao:2012pq,
  author        = {Romao, Jorge C. and Silva, Joao P.},
  title         = {{A resource for signs and Feynman diagrams of the Standard Model}},
  journal       = {Int. J. Mod. Phys.},
  year          = {2012},
  volume        = {A27},
  pages         = {1230025},
  archiveprefix = {arXiv},
  doi           = {10.1142/S0217751X12300256},
  eprint        = {1209.6213},
  primaryclass  = {hep-ph},
  slaccitation  = {%%CITATION = ARXIV:1209.6213;%%},
}

@Article{Strassler:1990nw,
  author       = {Strassler, Matthew J. and Peskin, Michael E.},
  title        = {{The Heavy top quark threshold: QCD and the Higgs}},
  journal      = {Phys. Rev.},
  year         = {1991},
  volume       = {D43},
  pages        = {1500-1514},
  doi          = {10.1103/PhysRevD.43.1500},
  reportnumber = {SLAC-PUB-5308},
  slaccitation = {%%CITATION = PHRVA,D43,1500;%%},
}

@Article{Kats:2009bv,
  author        = {Kats, Yevgeny and Schwartz, Matthew D.},
  title         = {{Annihilation decays of bound states at the LHC}},
  journal       = {JHEP},
  year          = {2010},
  volume        = {04},
  pages         = {016},
  archiveprefix = {arXiv},
  doi           = {10.1007/JHEP04(2010)016},
  eprint        = {0912.0526},
  primaryclass  = {hep-ph},
  slaccitation  = {%%CITATION = ARXIV:0912.0526;%%},
}

@Book{Collins2009,
  title     = {Foundations of Perturbative {QCD}},
  publisher = {Cambridge University Press},
  year      = {2009},
  author    = {John Collins},
  doi       = {10.1017/cbo9780511975592},
}

@Book{Sterman1993,
  title     = {An Introduction to Quantum Field Theory},
  publisher = {Cambridge University Press},
  year      = {1993},
  author    = {George Sterman},
  doi       = {10.1017/cbo9780511622618},
}

@Book{MichaelE.Peskin1995,
  title     = {An Introduction To Quantum Field Theory},
  publisher = {Taylor \& Francis Inc},
  year      = {1995},
  author    = {Michael E. Peskin, Daniel V. Schroeder},
  isbn      = {0201503972},
  date      = {1995-09-11},
  ean       = {9780201503975},
  pagetotal = {866},
  url       = {https://www.ebook.de/de/product/3595300/michael_e_peskin_daniel_v_schroeder_an_introduction_to_quantum_field_theory.html},
}

@Book{Srednicki2007,
  title     = {Quantum Field Theory},
  publisher = {Cambridge University Pr.},
  year      = {2007},
  author    = {Srednicki, Mark},
  isbn      = {0521864496},
  date      = {2007-01-01},
  ean       = {9780521864497},
  pagetotal = {664},
  url       = {https://www.ebook.de/de/product/5878356/mark_srednicki_quantum_field_theory.html},
}

@Article{Stewart:2017tvs,
  author        = {Stewart, Iain W. and Zhao, Yong},
  title         = {{Matching the quasiparton distribution in a momentum subtraction scheme}},
  journal       = {Phys. Rev.},
  year          = {2018},
  volume        = {D97},
  number        = {5},
  pages         = {054512},
  archiveprefix = {arXiv},
  doi           = {10.1103/PhysRevD.97.054512},
  eprint        = {1709.04933},
  groups        = {Quasi&Lattice},
  primaryclass  = {hep-ph},
  reportnumber  = {MIT-CTP-4873, MIT--CTP-4873},
  slaccitation  = {%%CITATION = ARXIV:1709.04933;%%},
}

@Article{Xiong:2013bka,
  author        = {Xiong, Xiaonu and Ji, Xiangdong and Zhang, Jian-Hui and Zhao, Yong},
  title         = {{One-loop matching for parton distributions: Nonsinglet case}},
  journal       = {Phys. Rev.},
  year          = {2014},
  volume        = {D90},
  number        = {1},
  pages         = {014051},
  archiveprefix = {arXiv},
  doi           = {10.1103/PhysRevD.90.014051},
  eprint        = {1310.7471},
  groups        = {Quasi&Lattice},
  primaryclass  = {hep-ph},
  slaccitation  = {%%CITATION = ARXIV:1310.7471;%%},
}

@Article{Ma:2014jla,
  author        = {Ma, Yan-Qing and Qiu, Jian-Wei},
  title         = {{Extracting Parton Distribution Functions from Lattice QCD Calculations}},
  journal       = {Phys. Rev.},
  year          = {2018},
  volume        = {D98},
  number        = {7},
  pages         = {074021},
  archiveprefix = {arXiv},
  doi           = {10.1103/PhysRevD.98.074021},
  eprint        = {1404.6860},
  groups        = {Quasi&Lattice},
  primaryclass  = {hep-ph},
  slaccitation  = {%%CITATION = ARXIV:1404.6860;%%},
}

%%% contains utf-8, see: https://inspirehep.net/info/faq/general#utf8
%%% add \usepackage[utf8]{inputenc} to your latex preamble

@Article{Xiong:2017jtn,
  author        = {Xiong, Xiaonu and Luu, Thomas and Meißner, Ulf-G.},
  title         = {{Quasi-Parton Distribution Function in Lattice Perturbation Theory}},
  year          = {2017},
  archiveprefix = {arXiv},
  eprint        = {1705.00246},
  groups        = {Quasi&Lattice},
  primaryclass  = {hep-ph},
  slaccitation  = {%%CITATION = ARXIV:1705.00246;%%},
}

@Article{Ji:2017oey,
  author        = {Ji, Xiangdong and Zhang, Jian-Hui and Zhao, Yong},
  title         = {{Renormalization in Large Momentum Effective Theory of Parton Physics}},
  journal       = {Phys. Rev. Lett.},
  year          = {2018},
  volume        = {120},
  number        = {11},
  pages         = {112001},
  archiveprefix = {arXiv},
  doi           = {10.1103/PhysRevLett.120.112001},
  eprint        = {1706.08962},
  groups        = {Quasi&Lattice},
  primaryclass  = {hep-ph},
  slaccitation  = {%%CITATION = ARXIV:1706.08962;%%},
}

@Article{Ji:2014gla,
  author        = {Ji, Xiangdong},
  title         = {{Parton Physics from Large-Momentum Effective Field Theory}},
  journal       = {Sci. China Phys. Mech. Astron.},
  year          = {2014},
  volume        = {57},
  pages         = {1407-1412},
  archiveprefix = {arXiv},
  doi           = {10.1007/s11433-014-5492-3},
  eprint        = {1404.6680},
  groups        = {Quasi&Lattice},
  primaryclass  = {hep-ph},
  slaccitation  = {%%CITATION = ARXIV:1404.6680;%%},
}

@Article{Ji:2015jwa,
  author        = {Ji, Xiangdong and Zhang, Jian-Hui},
  title         = {{Renormalization of quasiparton distribution}},
  journal       = {Phys. Rev.},
  year          = {2015},
  volume        = {D92},
  pages         = {034006},
  archiveprefix = {arXiv},
  doi           = {10.1103/PhysRevD.92.034006},
  eprint        = {1505.07699},
  groups        = {Quasi&Lattice},
  primaryclass  = {hep-ph},
  slaccitation  = {%%CITATION = ARXIV:1505.07699;%%},
}

@Article{Zhang:2017bzy,
  author        = {Zhang, Jian-Hui and Chen, Jiunn-Wei and Ji, Xiangdong and Jin, Luchang and Lin, Huey-Wen},
  title         = {{Pion Distribution Amplitude from Lattice QCD}},
  journal       = {Phys. Rev.},
  year          = {2017},
  volume        = {D95},
  number        = {9},
  pages         = {094514},
  archiveprefix = {arXiv},
  doi           = {10.1103/PhysRevD.95.094514},
  eprint        = {1702.00008},
  groups        = {Quasi&Lattice},
  primaryclass  = {hep-lat},
  slaccitation  = {%%CITATION = ARXIV:1702.00008;%%},
}

@Article{Ji:2013dva,
  author        = {Ji, Xiangdong},
  title         = {{Parton Physics on a Euclidean Lattice}},
  journal       = {Phys. Rev. Lett.},
  year          = {2013},
  volume        = {110},
  pages         = {262002},
  archiveprefix = {arXiv},
  doi           = {10.1103/PhysRevLett.110.262002},
  eprint        = {1305.1539},
  groups        = {Quasi&Lattice},
  primaryclass  = {hep-ph},
  slaccitation  = {%%CITATION = ARXIV:1305.1539;%%},
}

@Article{Donini:1995xj,
  author        = {Donini, A. and Martinelli, G. and Sachrajda, Christopher T. and Talevi, M. and Vladikas, A.},
  title         = {{Nonperturbative renormalization of the lattice Delta s = 2 four fermion operator}},
  journal       = {Phys. Lett.},
  year          = {1995},
  volume        = {B360},
  pages         = {83-92},
  archiveprefix = {arXiv},
  doi           = {10.1016/0370-2693(95)01124-9},
  eprint        = {hep-lat/9508020},
  groups        = {Quasi&Lattice},
  primaryclass  = {hep-lat},
  reportnumber  = {CERN-TH-95-23, CERN-TH-95-023, ROME-1084-1995, SHEP-95-25},
  slaccitation  = {%%CITATION = HEP-LAT/9508020;%%},
}

@Article{Martinelli:1994ty,
  author        = {Martinelli, G. and Pittori, C. and Sachrajda, Christopher T. and Testa, M. and Vladikas, A.},
  journal       = {Nucl. Phys.},
  title         = {{A General method for nonperturbative renormalization of lattice operators}},
  year          = {1995},
  pages         = {81-108},
  volume        = {B445},
  archiveprefix = {arXiv},
  doi           = {10.1016/0550-3213(95)00126-D},
  eprint        = {hep-lat/9411010},
  groups        = {Quasi&Lattice, [huangys:]},
  primaryclass  = {hep-lat},
  reportnumber  = {CERN-TH-7342-94, LPTHE-ORSAY-94-52, ROME-1022-1994, SHEP-94-95-03},
  slaccitation  = {%%CITATION = HEP-LAT/9411010;%%},
}

@Article{Martinelli:1994xk,
  author        = {Martinelli, G. and Pittori, C. and Sachrajda, Christopher T. and Testa, M. and Vladikas, A.},
  journal       = {Nucl. Phys. Proc. Suppl.},
  title         = {{Results from a nonperturbative renormalization of lattice operators}},
  year          = {1995},
  pages         = {428-430},
  volume        = {42},
  archiveprefix = {arXiv},
  booktitle     = {{LATTICE 94: 12th International Symposium on Lattice Field Theory Bielefeld, Germany, September 27-October 1, 1994}},
  doi           = {10.1016/0920-5632(95)00271-A},
  eprint        = {hep-lat/9412092},
  groups        = {Quasi&Lattice, huangys:6},
  primaryclass  = {hep-lat},
  reportnumber  = {LPTHE-ORSAY-94-107},
  slaccitation  = {%%CITATION = HEP-LAT/9412092;%%},
}

@Article{Platter2009,
  author       = {Lucas Platter},
  title        = {Few-Body Systems and the Pionless Effective Field Theory},
  abstract     = {The pionless effective field theory (EFT) is the appropriate low-energy EFT for short-range interactions that display a large scattering length. It has been successfully applied in atomic, nuclear and particle physics. We give an overview over recent calculations employing the pionless effective field theory and lay emphasis on applications in the three- and four-body sector where the most exciting developments have occurred.},
  date         = {2009-09-30},
  eprint       = {0910.0031v1},
  eprintclass  = {nucl-th},
  eprinttype   = {arXiv},
  file         = {:http\://arxiv.org/pdf/0910.0031v1:PDF},
  groups       = {QM-OPE&NREFT},
  journaltitle = {PoS CD09:104,2009},
  keywords     = {nucl-th},
}

@Article{Tan_2008,
  author       = {Shina Tan},
  journal      = {Annals of Physics},
  title        = {Generalized Virial Theorem and Pressure Relation for a strongly correlated Fermi gas},
  year         = {2008},
  month        = {dec},
  number       = {12},
  pages        = {2987--2990},
  volume       = {323},
  abstract     = {For a two-component Fermi gas in the unitarity limit (ie, with infinite scattering length), there is a well-known virial theorem, first shown by J. E. Thomas et al, Phys. Rev. Lett. 95, 120402 (2005). A few people rederived this result, and extended it to few-body systems, but their results are all restricted to the unitarity limit. Here I show that there is a generalized virial theorem for FINITE scattering lengths. I also generalize an exact result concerning the pressure, first shown in cond-mat/0508320, to the case of imbalanced populations.},
  date         = {2008-03-06},
  doi          = {10.1016/j.aop.2008.03.003},
  eprint       = {0803.0841v1},
  eprintclass  = {cond-mat.stat-mech},
  eprinttype   = {arXiv},
  file         = {:http\://arxiv.org/pdf/0803.0841v1:PDF},
  groups       = {QM-OPE&NREFT},
  journaltitle = {Annals of Physics 323 (2008) 2987-2990},
  keywords     = {cond-mat.stat-mech},
  publisher    = {Elsevier {BV}},
}

@Article{Tan2008,
  author    = {Shina Tan},
  journal   = {Annals of Physics},
  title     = {Energetics of a strongly correlated Fermi gas},
  year      = {2008},
  month     = {dec},
  number    = {12},
  pages     = {2952--2970},
  volume    = {323},
  doi       = {10.1016/j.aop.2008.03.004},
  groups    = {QM-OPE&NREFT},
  publisher = {Elsevier {BV}},
}

@Article{Tan2008a,
  author    = {Shina Tan},
  journal   = {Annals of Physics},
  title     = {Large momentum part of a strongly correlated Fermi gas},
  year      = {2008},
  month     = {dec},
  number    = {12},
  pages     = {2971--2986},
  volume    = {323},
  doi       = {10.1016/j.aop.2008.03.005},
  groups    = {QM-OPE&NREFT},
  publisher = {Elsevier {BV}},
}

@Article{Bedaque2002,
  author    = {Paulo F. Bedaque and Ubirajara van Kolck},
  journal   = {Annual Review of Nuclear and Particle Science},
  title     = {{EFFECTIVEFIELDTHEORY} {FORFEW}-{NUCLEONSYSTEMS}},
  year      = {2002},
  month     = {dec},
  number    = {1},
  pages     = {339--396},
  volume    = {52},
  doi       = {10.1146/annurev.nucl.52.050102.090637},
  publisher = {Annual Reviews},
}

@Article{Feng2020,
  author        = {Feng, Feng and Huang, Yingsheng and Jia, Yu and Sang, Wen-Long and Xiong, Xiaonu and Zhang, Jia-Yue},
  title         = {Fragmentation production of fully-charmed tetraquarks at LHC},
  year          = {2020},
  month         = {9},
  archiveprefix = {arXiv},
  eprint        = {2009.08450},
  primaryclass  = {hep-ph},
}

@Article{Chen2019,
  author        = {Chen, Guo-Ying and Huang, Yingsheng and Jia, Yu and Rui, Yu},
  title         = {Meson-meson scattering in two-dimensional QCD},
  year          = {2019},
  month         = {4},
  archiveprefix = {arXiv},
  eprint        = {1904.13391},
  primaryclass  = {hep-ph},
}

@Article{Feng2020a,
  author        = {Feng, Feng and Huang, Yingsheng and Jia, Yu and Sang, Wen-Long and Zhang, Jia-Yue},
  title         = {Exclusive radiative production of fully-charmed tetraquarks at B Factory},
  year          = {2020},
  month         = {11},
  archiveprefix = {arXiv},
  eprint        = {2011.03039},
  primaryclass  = {hep-ph},
}

@Comment{jabref-meta: databaseType:bibtex;}

@Comment{jabref-meta: grouping:
0 AllEntriesGroup:;
1 StaticGroup:Markings\;2\;1\;\;\;\;;
2 StaticGroup:[huangys:]\;2\;1\;\;\;\;;
2 StaticGroup:huangys:6\;2\;1\;\;\;\;;
1 StaticGroup:QM-OPE&NREFT\;2\;1\;\;\;\;;
1 SearchGroup:Top Threshold\;0\;threshold\;0\;0\;1\;\;\;\;;
1 SearchGroup:QFT\;2\;quantum field theory\;0\;0\;1\;\;\;\;;
1 StaticGroup:Quasi&Lattice\;0\;1\;\;\;\;;
}
