% Encoding: UTF-8

@Article{Huang2018,
  author        = {Huang, Yingsheng and Jia, Yu and Yu, Rui},
  title         = {Deciphering the coalescence behavior of Coulomb-Schr\''odinger atomic wave functions from operator product expansion},
  year          = {2018},
  month         = {9},
  archiveprefix = {arXiv},
  eprint        = {1809.09023},
  primaryclass  = {hep-ph},
}

@Article{Huang2019,
  author        = {Huang, Yingsheng and Jia, Yu and Yu, Rui},
  title         = {Near-the-origin divergence of Dirac wave functions of hydrogen and operator product expansion},
  year          = {2019},
  month         = {1},
  archiveprefix = {arXiv},
  eprint        = {1901.04971},
  primaryclass  = {hep-ph},
}

@Article{Feng2020,
  author        = {Feng, Feng and Huang, Yingsheng and Jia, Yu and Sang, Wen-Long and Xiong, Xiaonu and Zhang, Jia-Yue},
  title         = {Fragmentation production of fully-charmed tetraquarks at LHC},
  year          = {2020},
  month         = {9},
  archiveprefix = {arXiv},
  eprint        = {2009.08450},
  primaryclass  = {hep-ph},
}

@Article{Chen2019,
  author        = {Chen, Guo-Ying and Huang, Yingsheng and Jia, Yu and Rui, Yu},
  title         = {Meson-meson scattering in two-dimensional QCD},
  year          = {2019},
  month         = {4},
  archiveprefix = {arXiv},
  eprint        = {1904.13391},
  primaryclass  = {hep-ph},
}

@Article{Huang2018a,
  author        = {Huang, Yingsheng and Jia, Yu and Yu, Rui},
  title         = {Near-the-origin divergence of Klein-Gordon wave functions for hydrogen-like atoms and operator product expansion},
  year          = {2018},
  month         = {12},
  archiveprefix = {arXiv},
  eprint        = {1812.11957},
  primaryclass  = {hep-ph},
}

@Article{Feng2020a,
  author        = {Feng, Feng and Huang, Yingsheng and Jia, Yu and Sang, Wen-Long and Zhang, Jia-Yue},
  title         = {Exclusive radiative production of fully-charmed tetraquarks at B Factory},
  year          = {2020},
  month         = {11},
  archiveprefix = {arXiv},
  eprint        = {2011.03039},
  primaryclass  = {hep-ph},
}

@Comment{jabref-meta: databaseType:bibtex;}
