@FOOTNOTE{Note1,key="Note1",note="Convention follows \cite {Romao:2012pq}. One only needs to check the sign convention $\eta $. "}
@CONTROL{REVTEX41Control}
@CONTROL{apsrev41Control,author="08",editor="1",pages="0",title="",year="1"}
